<?xml version="1.0" encoding="UTF-8"?><collection xmlns="http://www.loc.gov/MARC21/slim"><record><leader>00348nam--2200109-i-4500</leader><controlfield tag="001">000026033</controlfield><controlfield tag="002">20161230</controlfield><controlfield tag="005">20161230201036</controlfield><controlfield tag="008">060222s1000------------r-----000-0-eng-d</controlfield><datafield ind1=" " ind2=" " tag="245"><subfield code="a">Instructiuni 188-64 pentru masurarea debitului cu ajutorul diafragmelor, ajutajelor si tuburilor venturi normalizate</subfield></datafield><datafield ind1=" " ind2=" " tag="260"><subfield code="a">Bucuresti, Esip, 1965. 152p</subfield></datafield><datafield ind1=" " ind2=" " tag="852"><subfield code="a">21634</subfield></datafield></record></collection>